<record><leader>00000cas a22000007a 4500</leader><controlfield tag="001">10014251</controlfield><controlfield tag="008">831014d1849185uohuer ne      0    0eng d</controlfield><datafield ind1=" " ind2=" " tag="010"><subfield code="a">sn 83035556 </subfield></datafield><datafield ind1=" " ind2=" " tag="040"><subfield code="a">NPY</subfield><subfield code="b">eng</subfield><subfield code="c">NPY</subfield><subfield code="d">ONP</subfield><subfield code="d">OCLCQ</subfield><subfield code="d">AQM</subfield><subfield code="d">OCLCO</subfield><subfield code="d">OCLCF</subfield></datafield><datafield ind1=" " ind2=" " tag="042"><subfield code="a">msc</subfield></datafield><datafield ind1="0" ind2="4" tag="245"><subfield code="a">The Practical preacher.</subfield></datafield><datafield ind1=" " ind2=" " tag="260"><subfield code="a">Coshocton [Ohio] :</subfield><subfield code="b">C.E. Weirich &amp; H. Calhoun,</subfield><subfield code="c">1849-</subfield></datafield><datafield ind1=" " ind2=" " tag="300"><subfield code="a">v. ;</subfield><subfield code="c">39 cm.</subfield></datafield><datafield ind1=" " ind2=" " tag="310"><subfield code="a">Biweekly</subfield></datafield><datafield ind1="0" ind2=" " tag="362"><subfield code="a">Vol. 1, no. 1 (Sept. 28, 1849)-</subfield></datafield><datafield ind1=" " ind2=" " tag="500"><subfield code="a">Published: Coshocton, 1849-1850; Coshocton and Washington, Ohio, Sept. 26, 1850-&lt;Sept.&gt; 1851; Washington, Ohio, &lt;Oct.&gt;, 1851-185.</subfield></datafield><datafield ind1=" " ind2=" " tag="500"><subfield code="a">Editors: C.E. Weirich &amp; H. Calhoun, &lt;1850&gt;.</subfield></datafield><datafield ind1=" " ind2="0" tag="650"><subfield code="a">Sermons</subfield><subfield code="v">Periodicals.</subfield></datafield><datafield ind1=" " ind2="7" tag="650"><subfield code="a">Sermons.</subfield><subfield code="2">fast</subfield><subfield code="0">(OCoLC)fst01113216</subfield></datafield><datafield ind1=" " ind2="4" tag="655"><subfield code="a">Religious periodicals.</subfield></datafield><datafield ind1=" " ind2="4" tag="655"><subfield code="a">Music periodicals.</subfield></datafield><datafield ind1=" " ind2="7" tag="655"><subfield code="a">Music.</subfield><subfield code="2">aat</subfield></datafield><datafield ind1=" " ind2="7" tag="655"><subfield code="a">Boards (Binding)</subfield><subfield code="2">rbbin</subfield></datafield><datafield ind1=" " ind2="7" tag="655"><subfield code="a">Half bindings (Binding)</subfield><subfield code="2">rbbin</subfield></datafield><datafield ind1=" " ind2="7" tag="655"><subfield code="a">Relief prints.</subfield><subfield code="2">gmgpc</subfield></datafield><datafield ind1=" " ind2="4" tag="655"><subfield code="a">Temperance periodicals.</subfield></datafield><datafield ind1=" " ind2="4" tag="655"><subfield code="a">Anti-slavery periodicals.</subfield></datafield><datafield ind1=" " ind2="7" tag="655"><subfield code="a">Periodicals.</subfield><subfield code="2">fast</subfield><subfield code="0">(OCoLC)fst01411641</subfield></datafield><datafield ind1=" " ind2=" " tag="752"><subfield code="a">United States</subfield><subfield code="b">Ohio</subfield><subfield code="c">Coshocton</subfield><subfield code="d">Coshocton.</subfield></datafield><datafield ind1=" " ind2=" " tag="752"><subfield code="a">United States</subfield><subfield code="b">Ohio</subfield><subfield code="c">Guernsey</subfield><subfield code="d">Washington.</subfield></datafield></record>